@article{zhang2014stochastic,
  title={Stochastic primal-dual coordinate method for regularized empirical risk minimization},
  author={Zhang, Yuchen and Xiao, Lin},
  journal={arXiv preprint arXiv:1409.3257},
  year={2014}
}

@article{hastie2005elements,
  title={The elements of statistical learning: data mining, inference and prediction},
  author={Hastie, Trevor and Tibshirani, Robert and Friedman, Jerome and Franklin, James},
  journal={The Mathematical Intelligencer},
  volume={27},
  number={2},
  pages={83--85},
  year={2005},
  publisher={Springer}
}

@inproceedings{jacob2009group,
  title={Group lasso with overlap and graph lasso},
  author={Jacob, Laurent and Obozinski, Guillaume and Vert, Jean-Philippe},
  booktitle={Proceedings of the 26th annual international conference on machine learning},
  pages={433--440},
  year={2009},
  organization={ACM}
}

@book{scholkopf2001learning,
  title={Learning with kernels: support vector machines, regularization, optimization, and beyond},
  author={Scholkopf, Bernhard and Smola, Alexander J},
  year={2001},
  publisher={MIT press}
}

@Book{Auslender-book-76,
	author = {Auslender, A.},
	title = {Optimisation: m\'{e}thodes num\'{e}riques},
	publisher = {Masson},
	year = 1976
}
@Article{Blahut-72,
	author = {Blahut, R.},
	title = {Computation of channel capacity and rate-distortion functions},
	journal = {Information Theory, IEEE Transactions on},
	volume = 18,
	number = 4,
	pages = {460-473},
	year = 1972
}
@Article{Bofill-Zibulevsky-01,
	author = {Bofill, P. and Zibulevsky, M.},
	title = {Underdetermined blind source separation using sparse representations},
	journal = {Signal Processing},
	volume = 81,
	number = 11,
	pages = {2353-2362},
	year = 2001
}
@Article{Bregman-67,
	author = {Bregman, L.M.},
	title = {The relaxation method of finding the common point of convex sets and its application to the solution of problems in convex programming},
	journal = {USSR computational mathematics and mathematical physics},
	volume = 7,
	number = 3,
	pages = {200-217},
	year = 1967
}
@Book{Censor-Zenios-book-97,
	author = {Censor, Y. and Zenios, S.A.},
	title = {Parallel optimization: Theory, algorithms, and applications},
	publisher = {Oxford University Press, USA},
	year = 1997
}
@Article{Grippo-Sciandrone-00,
	author = {Grippo, L. and Sciandrone, M.},
	title = {On the convergence of the block nonlinear Gauss-Seidel method under convex constraints},
	journal = {Operations Research Letters},
	volume = 26,
	number = 3,
	pages = {127-136},
	year = 2000
}
@Article{Han-88,
	author = {Han, S.P.},
	title = {A successive projection method},
	journal = {Mathematical Programming},
	volume = 40,
	number = 1,
	pages = {1-14},
	year = 1988
}
@Article{Hildreth-57,
	author = {Hildreth, C.},
	title = {A quadratic programming procedure},
	journal = {Naval Research Logistics Quarterly},
	volume = 4,
	number = 1,
	pages = {79-85},
	year = 1957
}
@Article{Howson-Sancho-75,
	author = {Howson, HR and Sancho, NGF},
	title = {A new algorithm for the solution of multi-state dynamic programming problems},
	journal = {Mathematical Programming},
	volume = 8,
	number = 1,
	pages = {104-116},
	year = 1975
}
@Article{Larson-Korsak-70,
	author = {Larson, RE and Korsak, AJ},
	title = {A dynamic programming successive approximations technique with convergence proofs},
	journal = {Automatica},
	volume = 6,
	number = 2,
	pages = {245-252},
	year = 1970
}
@Article{Luenberger-book-73,
	author = {Luenberger, D.G.},
	title = {Introduction to linear and nonlinear programming},
	year = 1973
}
@Article{Luo-Tseng-93,
	author = {Luo, Z.Q. and Tseng, P.},
	title = {Error bounds and convergence analysis of feasible descent methods: A general approach},
	journal = {Annals of Operations Research},
	volume = 46,
	number = 1,
	pages = {157-178},
	year = 1993
}
@Article{Mangasarian-Leone-87,
	author = {Mangasarian, O.L. and Leone, R.},
	title = {Parallel successive overrelaxation methods for symmetric linear complementarity problems and linear programs},
	journal = {Journal of Optimization Theory and Applications},
	volume = 54,
	number = 3,
	pages = {437-446},
	year = 1987
}
@Book{Ortega-Rheinboldt-70,
	author = {Ortega, J.M. and Rheinboldt, W.C.},
	title = {Iterative solution of nonlinear equations in several variables},
	publisher = {Academic Press},
	year = 1970
}
@Article{Powell-73,
	author = {Powell, M.J.D.},
	title = {On search directions for minimization algorithms},
	journal = {Mathematical Programming},
	volume = 4,
	number = 1,
	pages = {193-201},
	year = 1973
}
@Article{Sardy-Bruce-Tseng-00,
	author = {Sardy, S. and Bruce, A.G. and Tseng, P.},
	title = {Block coordinate relaxation methods for nonparametric wavelet denoising},
	journal = {Journal of computational and graphical statistics},
	pages = {361-379},
	year = 2000
}
@Article{Sargent-Sebastian-73,
	author = {Polak, E. and Sargent, R.W.H. and Sebastian, D.J.},
	title = {On the convergence of sequential minimization algorithms},
	journal = {Journal of Optimization Theory and Applications},
	volume = 12,
	number = 6,
	pages = {567-575},
	year = 1973
}
@Article{Stern-77,
	author = {Stern, T.},
	title = {A class of decentralized routing algorithms using relaxation},
	journal = {Communications, IEEE Transactions on},
	volume = 25,
	number = 10,
	pages = {1092-1102},
	year = 1977
}
@Article{Tseng-93,
	author = {Tseng, P.},
	title = {Dual coordinate ascent methods for non-strictly convex minimization},
	journal = {Mathematical Programming},
	volume = 59,
	number = 1,
	pages = {231-247},
	year = 1993
}
@Article{Tseng-01,
	author = {Tseng, P.},
	title = {Convergence of a block coordinate descent method for nondifferentiable minimization},
	journal = {Journal of Optimization Theory and Applications},
	volume = 109,
	number = 3,
	pages = {475-494},
	year = 2001
}
@Article{Warga-63,
	author = {Warga, J.},
	title = {Minimizing certain convex functions},
	journal = {Journal of the Society for Industrial and Applied Mathematics},
	volume = 11,
	number = 3,
	pages = {588-593},
	year = 1963
}
@Article{Wen-Goldfarb-Scheinberg-10,
	author = {Wen, Z. and Goldfarb, D. and Scheinberg, K.},
	title = {Block coordinate descent methods for semideÔ¨Ånite programming},
	journal = {Book Chapter},
	year = 2010
}
@Article{Zadeh-70,
	author = {Zadeh, N.},
	title = {A note on the cyclic coordinate ascent method},
	journal = {Management Science},
	volume = 16,
	number = 9,
	pages = {642-644},
	year = 1970
}
@Article{Zibulevsky-Pearlmutter-01,
	author = {Zibulevsky, M. and Pearlmutter, B.A.},
	title = {Blind source separation by sparse decomposition in a signal dictionary},
	journal = {Neural computation},
	volume = 13,
	number = 4,
	pages = {863-882},
	year = 2001
}
@Article{Zuo-Wu-89,
	author = {Zuo, ZQ and Wu, CP},
	title = {Successive approximation technique for a class of large-scale NLP problems and its application to dynamic programming},
	journal = {Journal of Optimization Theory and Applications},
	volume = 62,
	number = 3,
	pages = {515-527},
	year = 1989
}
@Article{qin2010efficient,
	title = {Efficient block-coordinate descent algorithms for the group lasso},
	author = {Qin, Z. and Scheinberg, K. and Goldfarb, D.},
	journal = {Preprint},
	year = 2010
}
@Article{wen2012block,
	title = {Block coordinate descent methods for semidefinite programming},
	author = {Wen, Z. and Goldfarb, D. and Scheinberg, K.},
	journal = {Handbook on Semidefinite, Conic and Polynomial Optimization},
	pages = {533--564},
	year = 2012,
	publisher = {Springer}
}
@Article{ho2011descent,
	title = {Descent methods for nonnegative matrix factorization},
	author = {Ho, N.D. and Van Dooren, P. and Blondel, V.D.},
	journal = {Numerical Linear Algebra in Signals, Systems and Control},
	pages = {251--293},
	year = 2011,
	publisher = {Springer}
}
@Article{howson1975new,
	title = {A new algorithm for the solution of multi-state dynamic programming problems},
	author = {Howson, HR and Sancho, NGF},
	journal = {Mathematical Programming},
	volume = 8,
	number = 1,
	pages = {104--116},
	year = 1975,
	publisher = {Springer}
}
@Article{arimoto1972algorithm,
	title = {An algorithm for computing the capacity of arbitrary discrete memoryless channels},
	author = {Arimoto, S.},
	journal = {Information Theory, IEEE Transactions on},
	volume = 18,
	number = 1,
	pages = {14--20},
	year = 1972,
	publisher = {IEEE}
}
@Article{bregman1967relaxation,
	title = {The relaxation method of finding the common point of convex sets and its application to the solution of problems in convex programming},
	author = {Bregman, L.M.},
	journal = {USSR computational mathematics and mathematical physics},
	volume = 7,
	number = 3,
	pages = {200--217},
	year = 1967,
	publisher = {Elsevier}
}
@Article{zadeh1970note,
	title = {A Note on the Cyclic Coordinate Ascent Method},
	author = {Zadeh, N.},
	journal = {Management Science},
	volume = 16,
	number = 9,
	pages = {642--644},
	year = 1970,
	publisher = {INFORMS}
}

@article{luo1992convergence,
  title={On the convergence of the coordinate descent method for convex differentiable minimization},
  author={Luo, Zhi-Quan and Tseng, Paul},
  journal={Journal of Optimization Theory and Applications},
  volume={72},
  number={1},
  pages={7--35},
  year={1992},
  publisher={Springer}
}

@article{attouch2010proximal,
  title={Proximal alternating minimization and projection methods for nonconvex problems: An approach based on the Kurdyka-Lojasiewicz inequality},
  author={Attouch, H{\'e}dy and Bolte, J{\'e}r{\^o}me and Redont, Patrick and Soubeyran, Antoine},
  journal={Mathematics of Operations Research},
  volume={35},
  number={2},
  pages={438--457},
  year={2010},
  publisher={INFORMS}
}

@article{XY_2013_multiblock,
  title={A block coordinate descent method for regularized multiconvex optimization with applications to nonnegative tensor factorization and completion},
  author={Xu, Yangyang and Yin, Wotao},
  journal={SIAM Journal on imaging sciences},
  volume={6},
  number={3},
  pages={1758--1789},
  year={2013},
  publisher={SIAM}
}

@article{tseng2009_CGD,
  title={A coordinate gradient descent method for nonsmooth separable minimization},
  author={Tseng, Paul and Yun, Sangwoon},
  journal={Mathematical Programming},
  volume={117},
  number={1-2},
  pages={387--423},
  year={2009},
  publisher={Springer}
}

@article{bolte2014proximal,
  title={Proximal alternating linearized minimization for nonconvex and nonsmooth problems},
  author={Bolte, J{\'e}r{\^o}me and Sabach, Shoham and Teboulle, Marc},
  journal={Mathematical Programming},
  volume={146},
  number={1-2},
  pages={459--494},
  year={2014},
  publisher={Springer}
}

@article{nesterov2012cd,
  title={Efficiency of coordinate descent methods on huge-scale optimization problems},
  author={Nesterov, Yu},
  journal={SIAM Journal on Optimization},
  volume={22},
  number={2},
  pages={341--362},
  year={2012},
  publisher={SIAM}
}

@article{richtarik2014iteration,
  title={Iteration complexity of randomized block-coordinate descent methods for minimizing a composite function},
  author={Richt{\'a}rik, Peter and Tak{\'a}{\v{c}}, Martin},
  journal={Mathematical Programming},
  volume={144},
  number={1-2},
  pages={1--38},
  year={2014},
  publisher={Springer}
}

@article{Lu_Xiao_rbcd_2015,
author = {Lu, Zhaosong and Xiao, Lin},
doi = {10.1007/s10107-014-0800-2},
issn = {0025-5610},
journal = {Mathematical Programming},
month = {aug},
number = {1-2},
pages = {615--642},
title = {{On the complexity analysis of randomized block-coordinate descent methods}},
volume = {152},
year = {2015}
}

@article{Xu2015_APG_NTD,
author = {Xu, Yangyang},
doi = {10.1007/s12532-014-0074-y},
issn = {1867-2949},
journal = {Mathematical Programming Computation},
keywords = {data preprocessing,inverse-,nonnegative matrix factorization,sparsity,uniqueness},
month = {mar},
number = {1},
pages = {39--70},
title = {{Alternating proximal gradient method for sparse nonnegative Tucker decomposition}},
volume = {7},
year = {2015}
}

@article{XY_2014_ecd,
  title={A globally convergent algorithm for nonconvex optimization based on block coordinate update},
  author={Xu, Yangyang and Yin, Wotao},
  journal={arXiv preprint arXiv:1410.1386},
  year={2014}
}

@article{XY_2015_bsg,
author = {Xu, Yangyang and Yin, Wotao},
doi = {10.1137/140983938},
issn = {1052-6234},
journal = {SIAM Journal on Optimization},
month = {jan},
number = {3},
pages = {1686--1716},
title = {{Block Stochastic Gradient Iteration for Convex and Nonconvex Optimization}},
volume = {25},
year = {2015}
}

@article{DangLan-SBMD,
author = {Dang, Cong D. and Lan, Guanghui},
doi = {10.1137/130936361},
issn = {1052-6234},
journal = {SIAM Journal on Optimization},
month = {jan},
number = {2},
pages = {856--881},
title = {{Stochastic Block Mirror Descent Methods for Nonsmooth and Stochastic Optimization}},
volume = {25},
year = {2015}
}

@article{li2009gcoord,
  title={Coordinate descent optimization for ‚Ñì 1 minimization with application to compressed sensing; a greedy algorithm},
  author={Li, Yingying and Osher, Stanley},
  journal={Inverse Problems and Imaging},
  volume={3},
  number={3},
  pages={487--503},
  year={2009}
}

@inproceedings{PYY_2013_GRock,
  title={Parallel and distributed sparse optimization},
  author={Peng, Zhimin and Yan, Ming and Yin, Wotao},
  booktitle={Signals, Systems and Computers, 2013 Asilomar Conference on},
  pages={659--646},
  year={2013},
  organization={IEEE}
}

@article{bauschke1993convergence,
  title={On the convergence of von Neumann's alternating projection algorithm for two sets},
  author={Bauschke, Heinz H and Borwein, Jonathan M},
  journal={Set-Valued Analysis},
  volume={1},
  number={2},
  pages={185--212},
  year={1993},
  publisher={Springer}
}

@article{von1949rings,
  title={On rings of operators. Reduction theory},
  author={Von Neumann, John},
  journal={Annals of Mathematics},
  pages={401--485},
  year={1949},
  publisher={JSTOR}
}

@article{richtarik2012parallel,
  title={Parallel coordinate descent methods for big data optimization},
  author={Richt{\'a}rik, Peter and Tak{\'a}{\v{c}}, Martin},
  journal={Mathematical Programming},
  pages={1--52},
  year={2012},
  publisher={Springer}
}

@article{bradley2011parallel,
  title={Parallel coordinate descent for l1-regularized loss minimization},
  author={Bradley, Joseph K and Kyrola, Aapo and Bickson, Danny and Guestrin, Carlos},
  journal={arXiv preprint arXiv:1105.5379},
  year={2011}
}

@article{paatero1994NMF,
  title={Positive matrix factorization: A non-negative factor model with optimal utilization of error estimates of data values},
  author={Paatero, Pentti and Tapper, Unto},
  journal={Environmetrics},
  volume={5},
  number={2},
  pages={111--126},
  year={1994},
  publisher={Wiley Online Library}
}

@article{combettes2005signal,
  title={Signal recovery by proximal forward-backward splitting},
  author={Combettes, Patrick L and Wajs, Val{\'e}rie R},
  journal={Multiscale Modeling \& Simulation},
  volume={4},
  number={4},
  pages={1168--1200},
  year={2005},
  publisher={SIAM}
}

@article{razaviyayn2013unified,
  title={A unified convergence analysis of block successive minimization methods for nonsmooth optimization},
  author={Razaviyayn, Meisam and Hong, Mingyi and Luo, Zhi-Quan},
  journal={SIAM Journal on Optimization},
  volume={23},
  number={2},
  pages={1126--1153},
  year={2013},
  publisher={SIAM}
}

@article{hong2015iteration,
  title={Iteration complexity analysis of block coordinate descent methods},
  author={Hong, Mingyi and Wang, Xiangfeng and Razaviyayn, Meisam and Luo, Zhi-Quan},
  journal={arXiv preprint arXiv:1310.6957v2},
  year={2015}
}

@article{beck2013convergence,
  title={On the convergence of block coordinate descent type methods},
  author={Beck, Amir and Tetruashvili, Luba},
  journal={SIAM Journal on Optimization},
  volume={23},
  number={4},
  pages={2037--2060},
  year={2013},
  publisher={SIAM}
}

@article{tseng2009block-linear,
  title={Block-coordinate gradient descent method for linearly constrained nonsmooth separable optimization},
  author={Tseng, Paul and Yun, Sangwoon},
  journal={Journal of optimization theory and applications},
  volume={140},
  number={3},
  pages={513--535},
  year={2009},
  publisher={Springer}
}

@article{wright2015coordinate,
  title={Coordinate descent algorithms},
  author={Wright, Stephen J},
  journal={Mathematical Programming},
  volume={151},
  number={1},
  pages={3--34},
  year={2015},
  publisher={Springer}
}

@article{bertsekas1999nonlinear,
  title={Nonlinear programming},
  author={Bertsekas, Dimitri P},
  year={1999},
  publisher={Athena scientific}
}

@article{wu2008coordinate,
  title={Coordinate descent algorithms for lasso penalized regression},
  author={Wu, Tong Tong and Lange, Kenneth},
  journal={The Annals of Applied Statistics},
  pages={224--244},
  year={2008},
  publisher={JSTOR}
}

@inproceedings{dhillon2011nearest,
  title={Nearest neighbor based greedy coordinate descent},
  author={Dhillon, Inderjit S and Ravikumar, Pradeep K and Tewari, Ambuj},
  booktitle={Advances in Neural Information Processing Systems},
  pages={2160--2168},
  year={2011}
}
