@ARTICLE{Peng_2015_AROCK,
   author = {{Peng}, Z. and {Xu}, Y. and {Yan}, M. and {Yin}, W.},
    title = "{ARock: an Algorithmic Framework for Asynchronous Parallel Coordinate Updates}",
  journal = {ArXiv e-prints},
archivePrefix = "arXiv",
   eprint = {1506.02396},
 primaryClass = "math.OC",
 keywords = {Mathematics - Optimization and Control, Computer Science - Distributed, Parallel, and Cluster Computing, Statistics - Machine Learning},
     year = 2015,
    month = jun,
  adsnote = {Provided by the SAO/NASA Astrophysics Data System}
}